@inproceedings{bosk2015towards,
  title={Towards perfectly secure and deniable communication using an NFC-based key-exchange scheme},
  author={Bosk, Daniel and Kjellqvist, Martin and Buchegger, Sonja},
  booktitle={Nordic Conference on Secure IT Systems},
  pages={72--87},
  year={2015},
  organization={Springer}
}

@book{stromquist2000skrivboken,
  title={Skrivboken},
  author={Str{\"o}mquist, Siv},
  year={2000},
  publisher={Gleerup}
}

@misc{ieeestylemanual,
    author    = {IEEE},
    title     = {IEEE Editorial Style Manual},
    url       = {http://ieeeauthorcenter.ieee.org/wp-content/uploads/IEEE_Style_Manual.pdf}
}

@misc{ieeesunipit,
    author    = {University of Pittsburgh},
    title     = {IEEE Style - Citation Styles: APA, MLA, Chicago, Turabian, IEEE - LibGuides at University of Pittsburgh},
    url       = {https://pitt.libguides.com/citationhelp/ieee}
}

@article{eriksson2001dynamic,
  title={Dynamic single frequency networks},
  author={Eriksson, Magnus},
  journal={IEEE Journal on Selected Areas in Communications},
  volume={19},
  number={10},
  pages={1905--1914},
  year={2001},
  publisher={IEEE}
}

@phdthesis{forsstrom2014enabling,
  title={Enabling fully distributed global services on the internet-of things},
  author={Forsstr{\"o}m, Stefan},
  year={2014},
  school={Mid Sweden University}
}

@article{lavassani2018combining,
  title={Combining fog computing with sensor mote machine learning for industrial IoT},
  author={Lavassani, Mehrzad and Forsstr{\"o}m, Stefan and Jennehag, Ulf and Zhang, Tingting},
  journal={Sensors},
  volume={18},
  number={5},
  pages={1532},
  year={2018},
  publisher={Multidisciplinary Digital Publishing Institute}
}

@book{brookshear2008computer,
  title={Computer science: an overview},
  author={Brookshear, J Glenn},
  year={2008},
  publisher={Addison-Wesley Publishing Company}
}
